{
  "leader": "01578cam a2200325Ii 4500",
  "fields": [
    {
      "001": "ocm00546226\\"
    },
    {
      "003": "OCoLC"
    },
    {
      "005": "20220104125334.0"
    },
    {
      "008": "730126s1963\\\\\\\\pauac\\\\\\\\b\\\\\\\\000\\0\\eng\\d"
    },
    {
      "010": {
        "ind1": "\\",
        "ind2": "\\",
        "subfields": [
          {
            "a": "   61015203 "
          }
        ]
      }
    },
    {
      "040": {
        "ind1": "\\",
        "ind2": "\\",
        "subfields": [
          {
            "a": "CSU"
          },
          {
            "b": "eng"
          },
          {
            "c": "CSU"
          },
          {
            "d": "OCL"
          },
          {
            "d": "UKM"
          },
          {
            "d": "OCL"
          },
          {
            "d": "OCLCQ"
          },
          {
            "d": "UV0"
          },
          {
            "d": "OCLCG"
          },
          {
            "d": "DRB"
          },
          {
            "d": "EUM"
          },
          {
            "d": "OCLCQ"
          },
          {
            "d": "OCLCF"
          },
          {
            "d": "BUB"
          },
          {
            "d": "UKMGB"
          },
          {
            "d": "OCLCQ"
          },
          {
            "d": "ORU"
          },
          {
            "d": "VVB"
          },
          {
            "d": "ZQC"
          },
          {
            "d": "YDX"
          },
          {
            "d": "OCLCO"
          }
        ]
      }
    },
    {
      "016": {
        "ind1": "7",
        "ind2": "\\",
        "subfields": [
          {
            "a": "007665631"
          },
          {
            "2": "Uk"
          }
        ]
      }
    },
    {
      "019": {
        "ind1": "\\",
        "ind2": "\\",
        "subfields": [
          {
            "a": "1000948949"
          },
          {
            "a": "1176381292"
          },
          {
            "a": "1201006215"
          },
          {
            "a": "1201620370"
          },
          {
            "a": "1201805488"
          },
          {
            "a": "1201836347"
          },
          {
            "a": "1202010318"
          }
        ]
      }
    },
    {
      "035": {
        "ind1": "\\",
        "ind2": "\\",
        "subfields": [
          {
            "a": "(OCoLC)546226"
          },
          {
            "z": "(OCoLC)1000948949"
          },
          {
            "z": "(OCoLC)1176381292"
          },
          {
            "z": "(OCoLC)1201006215"
          },
          {
            "z": "(OCoLC)1201620370"
          },
          {
            "z": "(OCoLC)1201805488"
          },
          {
            "z": "(OCoLC)1201836347"
          },
          {
            "z": "(OCoLC)1202010318"
          }
        ]
      }
    },
    {
      "050": {
        "ind1": "\\",
        "ind2": "4",
        "subfields": [
          {
            "a": "HN64"
          },
          {
            "b": ".D47"
          }
        ]
      }
    },
    {
      "082": {
        "ind1": "0",
        "ind2": "4",
        "subfields": [
          {
            "a": "923.642"
          },
          {
            "b": "DES"
          }
        ]
      }
    },
    {
      "100": {
        "ind1": "1",
        "ind2": "\\",
        "subfields": [
          {
            "a": "Destler, Chester McArthur,"
          },
          {
            "d": "1904-1984."
          }
        ]
      }
    },
    {
      "245": {
        "ind1": "1",
        "ind2": "0",
        "subfields": [
          {
            "a": "Henry Demarest Lloyd and the empire of reform /"
          },
          {
            "c": "by Chester McArthur Destler."
          }
        ]
      }
    },
    {
      "260": {
        "ind1": "\\",
        "ind2": "\\",
        "subfields": [
          {
            "a": "Philadelphia :"
          },
          {
            "b": "University of Pennsylvania Press,"
          },
          {
            "c": "[1963]"
          }
        ]
      }
    },
    {
      "300": {
        "ind1": "\\",
        "ind2": "\\",
        "subfields": [
          {
            "a": "657 pages :"
          },
          {
            "b": "illustrations, portraits ;"
          },
          {
            "c": "22 cm"
          }
        ]
      }
    },
    {
      "336": {
        "ind1": "\\",
        "ind2": "\\",
        "subfields": [
          {
            "a": "text"
          },
          {
            "b": "txt"
          },
          {
            "2": "rdacontent"
          }
        ]
      }
    },
    {
      "337": {
        "ind1": "\\",
        "ind2": "\\",
        "subfields": [
          {
            "a": "unmediated"
          },
          {
            "b": "n"
          },
          {
            "2": "rdamedia"
          }
        ]
      }
    },
    {
      "338": {
        "ind1": "\\",
        "ind2": "\\",
        "subfields": [
          {
            "a": "volume"
          },
          {
            "b": "nc"
          },
          {
            "2": "rdacarrier"
          }
        ]
      }
    },
    {
      "504": {
        "ind1": "\\",
        "ind2": "\\",
        "subfields": [
          {
            "a": "Bibliographical references included in \"Notes\": (p. 531-605)."
          }
        ]
      }
    },
    {
      "600": {
        "ind1": "1",
        "ind2": "0",
        "subfields": [
          {
            "a": "Lloyd, Henry Demarest,"
          },
          {
            "d": "1847-1903."
          }
        ]
      }
    },
    {
      "600": {
        "ind1": "1",
        "ind2": "7",
        "subfields": [
          {
            "a": "Lloyd, Henry Demarest,"
          },
          {
            "d": "1847-1903."
          },
          {
            "2": "fast"
          },
          {
            "0": "(OCoLC)fst00017193"
          }
        ]
      }
    },
    {
      "776": {
        "ind1": "0",
        "ind2": "8",
        "subfields": [
          {
            "i": "Online version:"
          },
          {
            "a": "Destler, Chester McArthur, 1904-1984."
          },
          {
            "t": "Henry Demarest Lloyd and the empire of reform."
          },
          {
            "d": "Philadelphia, University of Pennsylvania Press [1963]"
          },
          {
            "w": "(OCoLC)576883013"
          }
        ]
      }
    },
    {
      "994": {
        "ind1": "\\",
        "ind2": "\\",
        "subfields": [
          {
            "a": "Z0"
          },
          {
            "b": "NYRVC"
          }
        ]
      }
    },
    {
      "948": {
        "ind1": "\\",
        "ind2": "\\",
        "subfields": [
          {
            "h": "NO HOLDINGS IN NYRVC - 571 OTHER HOLDINGS"
          }
        ]
      }
    },
    {
      "999": {
        "ind1": "\\",
        "ind2": "\\",
        "subfields": [
          {
            "a": "00000000015051"
          }
        ]
      }
    }
  ]
}